@ARTICLE{frazin_2010,
   author = {{Frazin}, R.~A. and {Lamy}, P. and {Llebaria}, A. and {V{\'a}squez}, A.~M.
	},
    title = "{Three-Dimensional Electron Density from Tomographic Analysis of LASCO-C2 Images of the K-Corona Total Brightness}",
  journal = {\solphys},
 keywords = {Solar corona, Tomography, Electron density, Thomson scattering},
     year = 2010,
    month = aug,
   volume = 265,
    pages = {19-30},
      doi = {10.1007/s11207-010-9557-9},
   adsurl = {http://adsabs.harvard.edu/abs/2010SoPh..265...19F},
  adsnote = {Provided by the SAO/NASA Astrophysics Data System}
}

@ARTICLE{landi_2016,
   author = {{Landi}, E. and {Habbal}, S.~R. and {Tomczyk}, S.},
    title = "{Coronal plasma diagnostics from ground-based observations}",
  journal = {Journal of Geophysical Research (Space Physics)},
 keywords = {solar corona},
     year = 2016,
    month = sep,
   volume = 121,
    pages = {8237-8249},
      doi = {10.1002/2016JA022598},
   adsurl = {http://adsabs.harvard.edu/abs/2016JGRA..121.8237L},
  adsnote = {Provided by the SAO/NASA Astrophysics Data System}
}

ï»¿@ARTICLE{altschuler_1972,
   author = {{Altschuler}, M.~D. and {Perry}, R.~M.},
    title = "{On Determining the Electron Density Distribution of the Solar Corona from K-Coronameter Data}",
  journal = {\solphys},
     year = 1972,
    month = apr,
   volume = 23,
    pages = {410-428},
      doi = {10.1007/BF00148104},
   adsurl = {http://adsabs.harvard.edu/abs/1972SoPh...23..410A},
  adsnote = {Provided by the SAO/NASA Astrophysics Data System}
}

@ARTICLE{frazin_2002,
   author = {{Frazin}, R.~A. and {Janzen}, P.},
    title = "{Tomography of the Solar Corona. II. Robust, Regularized, Positive Estimation of the Three-dimensional Electron Density Distribution from LASCO-C2 Polarized White-Light Images}",
  journal = {\apj},
 keywords = {Methods: Data Analysis, Sun: Corona},
     year = 2002,
    month = may,
   volume = 570,
    pages = {408-422},
      doi = {10.1086/339572},
   adsurl = {http://adsabs.harvard.edu/abs/2002ApJ...570..408F},
  adsnote = {Provided by the SAO/NASA Astrophysics Data System}
}

@Article{Lloveras_2017,
author={Lloveras, Diego G. and V{\'a}squez, Alberto M. and Nuevo, Federico A. and Frazin, Richard A.},
title="{Comparative Study of the Three-Dimensional Thermodynamical Structure of the Inner Corona of Solar Minimum Carrington Rotations 1915 and 2081}",
journal={\solphys},
year=2017,
month=Oct,
volume=292,
number=10,
pages=153,
doi={10.1007/s11207-017-1179-z},
url={https://doi.org/10.1007/s11207-017-1179-z}
}


@ARTICLE{frazin_2009,
   author = {{Frazin}, R.~A. and {V{\'a}squez}, A.~M. and {Kamalabadi}, F.
	},
    title = "{Quantitative, Three-dimensional Analysis of the Global Corona with Multi-spacecraft Differential Emission Measure Tomography}",
  journal = {\apj},
 keywords = {Sun: corona, Sun: prominences, Sun: UV radiation},
     year = 2009,
    month = aug,
   volume = 701,
    pages = {547-560},
      doi = {10.1088/0004-637X/701/1/547},
   adsurl = {http://adsabs.harvard.edu/abs/2009ApJ...701..547F},
  adsnote = {Provided by the SAO/NASA Astrophysics Data System}
}

@ARTICLE{vasquez_2016,
   author = {{V\'asquez}, A.~M.
	},
    title = "{Seeing the solar corona in three dimensions}",
  journal = {Advances in Space Research},
 keywords = {Corona, EUV, Tomography},
     year = 2016,
    month = mar,
   volume = {57},
    pages = {1286-1293},
      doi = {10.1016/j.asr.2015.05.047},
   adsurl = {},
  adsnote = {Provided by the SAO/NASA Astrophysics Data System}
}
