% This file was created with JabRef 2.10.
% Encoding: Cp1252


@Article{altschuler_1972,
  Title                    = {{On Determining the Electron Density Distribution of the Solar Corona from K-Coronameter Data}},
  Author                   = {{Altschuler}, M.~D. and {Perry}, R.~M.},
  Journal                  = {\solphys},
  Year                     = {1972},

  Month                    = apr,
  Pages                    = {410-428},
  Volume                   = {23},

  Adsnote                  = {Provided by the SAO/NASA Astrophysics Data System},
  Adsurl                   = {http://adsabs.harvard.edu/abs/1972SoPh...23..410A},
  Doi                      = {10.1007/BF00148104}
}

@InProceedings{arge_2010,
  Title                    = {{WSA Derived Coronal Hole Comparison with STEREO EUVI Observations}},
  Author                   = {{Arge}, C.~N. and {Henney}, C. and {Shurkin}, K. and {Koller}, J. and
 {Toussaint}, W.~A. and {Harvey}, J.~W. and {Young}, S.~L.},
  Booktitle                = {AGU Fall Meeting Abstracts},
  Year                     = {2010},
  Month                    = {Dec},
  Pages                    = {SM51A-1749},
  Volume                   = {2010},

  Adsnote                  = {Provided by the SAO/NASA Astrophysics Data System},
  Adsurl                   = {https://ui.adsabs.harvard.edu/abs/2010AGUFMSM51A1749A},
  Eid                      = {SM51A-1749},
  Keywords                 = {7509 SOLAR PHYSICS, ASTROPHYSICS, AND ASTRONOMY / Corona, 7524 SOLAR PHYSICS, ASTROPHYSICS, AND ASTRONOMY / Magnetic fields, 7924 SPACE WEATHER / Forecasting, 7959 SPACE WEATHER / Models}
}

@Book{aschwanden_2004,
  Title                    = {{Physics of the Solar Corona. An Introduction}},
  Author                   = {{Aschwanden}, M.~J.},
  Publisher                = {Praxis Publishing Ltd},
  Year                     = {2004},
  Month                    = aug,

  Adsnote                  = {Provided by the SAO/NASA Astrophysics Data System},
  Adsurl                   = {http://adsabs.harvard.edu/abs/2004psci.book.....A},
  Booktitle                = {Physics of the Solar Corona},
  Keywords                 = {solar physics, solar corona, solar flares}
}

@Article{frazin_2002,
  Title                    = {{Tomography of the Solar Corona. II. Robust, Regularized, Positive Estimation of the Three-dimensional Electron Density Distribution from LASCO-C2 Polarized White-Light Images}},
  Author                   = {{Frazin}, R.~A. and {Janzen}, P.},
  Journal                  = {\apj},
  Year                     = {2002},

  Month                    = may,
  Pages                    = {408-422},
  Volume                   = {570},

  Adsnote                  = {Provided by the SAO/NASA Astrophysics Data System},
  Adsurl                   = {http://adsabs.harvard.edu/abs/2002ApJ...570..408F},
  Doi                      = {10.1086/339572},
  Keywords                 = {Methods: Data Analysis, Sun: Corona}
}

@Article{frazin_2010,
  Title                    = {{Three-Dimensional Electron Density from Tomographic Analysis of LASCO-C2 Images of the K-Corona Total Brightness}},
  Author                   = {{Frazin}, R.~A. and {Lamy}, P. and {Llebaria}, A. and {V{\'a}squez}, A.~M. },
  Journal                  = {\solphys},
  Year                     = {2010},

  Month                    = aug,
  Pages                    = {19-30},
  Volume                   = {265},

  Adsnote                  = {Provided by the SAO/NASA Astrophysics Data System},
  Adsurl                   = {http://adsabs.harvard.edu/abs/2010SoPh..265...19F},
  Doi                      = {10.1007/s11207-010-9557-9},
  Keywords                 = {Solar corona, Tomography, Electron density, Thomson scattering}
}

@Article{frazin_2009,
  Title                    = {{Quantitative, Three-dimensional Analysis of the Global Corona with Multi-spacecraft Differential Emission Measure Tomography}},
  Author                   = {{Frazin}, R.~A. and {V{\'a}squez}, A.~M. and {Kamalabadi}, F. },
  Journal                  = {\apj},
  Year                     = {2009},

  Month                    = aug,
  Pages                    = {547-560},
  Volume                   = {701},

  Adsnote                  = {Provided by the SAO/NASA Astrophysics Data System},
  Adsurl                   = {http://adsabs.harvard.edu/abs/2009ApJ...701..547F},
  Doi                      = {10.1088/0004-637X/701/1/547},
  Keywords                 = {Sun: corona, Sun: prominences, Sun: UV radiation}
}

@Article{huang_2012,
  Title                    = {{Newly Discovered Global Temperature Structures in the Quiet Sun at Solar Minimum}},
  Author                   = {{Huang}, Z. and {Frazin}, R.~A. and {Landi}, E. and {Manchester}, W.~B. and {V{\'a}squez}, A.~M. and {Gombosi}, T.~I.},
  Journal                  = {\apj},
  Year                     = {2012},

  Month                    = aug,
  Pages                    = {86},
  Volume                   = {755},

  Adsnote                  = {Provided by the SAO/NASA Astrophysics Data System},
  Adsurl                   = {http://adsabs.harvard.edu/abs/2012ApJ...755...86H},
  Archiveprefix            = {arXiv},
  Doi                      = {10.1088/0004-637X/755/2/86},
  Eid                      = {86},
  Eprint                   = {1207.6661},
  Keywords                 = {Sun: corona, Sun: magnetic topology, Sun: UV radiation},
  Primaryclass             = {astro-ph.SR}
}

@InProceedings{jin_2012,
  Title                    = {{Simulate the Coronal Mass Ejection on 2011 March 7 from Chromosphere to 1 AU}},
  Author                   = {{Jin}, M. and {Manchester}, W.~B. and {van der Holst}, B. and
 {Oran}, R. and {Sokolov}, I. and {Toth}, G. and {Gombosi}, T.~I. and
 {Vourlidas}, A. and {Liu}, Y. and {Sun}, X.},
  Booktitle                = {AGU Fall Meeting Abstracts},
  Year                     = {2012},
  Month                    = {Dec},
  Pages                    = {SH33E-04},
  Volume                   = {2012},

  Adsnote                  = {Provided by the SAO/NASA Astrophysics Data System},
  Adsurl                   = {https://ui.adsabs.harvard.edu/abs/2012AGUFMSH33E..04J},
  Eid                      = {SH33E-04},
  Keywords                 = {7513 SOLAR PHYSICS, ASTROPHYSICS, AND ASTRONOMY / Coronal mass ejections, 7514 SOLAR PHYSICS, ASTROPHYSICS, AND ASTRONOMY / Energetic particles, 7851 SPACE PLASMA PHYSICS / Shock waves, 7959 SPACE WEATHER / Models}
}

@Article{landi_2016,
  Title                    = {{Coronal plasma diagnostics from ground-based observations}},
  Author                   = {{Landi}, E. and {Habbal}, S.~R. and {Tomczyk}, S.},
  Journal                  = {Journal of Geophysical Research (Space Physics)},
  Year                     = {2016},

  Month                    = sep,
  Pages                    = {8237-8249},
  Volume                   = {121},

  Adsnote                  = {Provided by the SAO/NASA Astrophysics Data System},
  Adsurl                   = {http://adsabs.harvard.edu/abs/2016JGRA..121.8237L},
  Doi                      = {10.1002/2016JA022598},
  Keywords                 = {solar corona}
}

@Article{lemen_2012,
  Title                    = {{The Atmospheric Imaging Assembly (AIA) on the Solar Dynamics Observatory (SDO)}},
  Author                   = {{Lemen}, J.~R. and {Title}, A.~M. and {Akin}, D.~J. and {Boerner}, P.~F. and
{Chou}, C. and {Drake}, J.~F. and {Duncan}, D.~W. and {Edwards}, C.~G. and
{Friedlaender}, F.~M. and {Heyman}, G.~F. and {Hurlburt}, N.~E. and
{Katz}, N.~L. and {Kushner}, G.~D. and {Levay}, M. and {Lindgren}, R.~W. and
{Mathur}, D.~P. and {McFeaters}, E.~L. and {Mitchell}, S. and
{Rehse}, R.~A. and {Schrijver}, C.~J. and {Springer}, L.~A. and
{Stern}, R.~A. and {Tarbell}, T.~D. and {Wuelser}, J.-P. and
{Wolfson}, C.~J. and {Yanari}, C. and {Bookbinder}, J.~A. and
{Cheimets}, P.~N. and {Caldwell}, D. and {Deluca}, E.~E. and
{Gates}, R. and {Golub}, L. and {Park}, S. and {Podgorski}, W.~A. and
{Bush}, R.~I. and {Scherrer}, P.~H. and {Gummin}, M.~A. and
{Smith}, P. and {Auker}, G. and {Jerram}, P. and {Pool}, P. and
{Soufli}, R. and {Windt}, D.~L. and {Beardsley}, S. and {Clapp}, M. and
{Lang}, J. and {Waltham}, N.},
  Journal                  = {\solphys},
  Year                     = {2012},

  Month                    = jan,
  Pages                    = {17-40},
  Volume                   = {275},

  Adsnote                  = {Provided by the SAO/NASA Astrophysics Data System},
  Adsurl                   = {http://adsabs.harvard.edu/abs/2012SoPh..275...17L},
  Doi                      = {10.1007/s11207-011-9776-8},
  Keywords                 = {Solar corona, Solar instrumentation, Solar imaging, Extreme ultraviolet}
}

@Article{lloveras_2017,
  Title                    = {{Comparative Study of the Three-Dimensional Thermodynamical Structure of the Inner Corona of Solar Minimum Carrington Rotations 1915 and 2081}},
  Author                   = {Lloveras, Diego G. and V{\'a}squez, Alberto M. and Nuevo, Federico A. and Frazin, Richard A.},
  Journal                  = {\solphys},
  Year                     = {2017},

  Month                    = Oct,
  Number                   = {10},
  Pages                    = {153},
  Volume                   = {292},

  Doi                      = {10.1007/s11207-017-1179-z},
  Url                      = {https://doi.org/10.1007/s11207-017-1179-z}
}

@Article{lloveras_ba2017,
  Title                    = {{Effect of stray light correction of extreme-ultraviolet solar images in tomography}},
  Author                   = {{Lloveras}, D.~G. and {V{\'a}squez}, A.~M. and {Shearer}, P. and
 {Frazin}, R.~A.},
  Journal                  = {\baaa},
  Year                     = {2017},

  Month                    = {Oct},
  Pages                    = {145-147},
  Volume                   = {59},

  Adsnote                  = {Provided by the SAO/NASA Astrophysics Data System},
  Adsurl                   = {https://ui.adsabs.harvard.edu/abs/2017BAAA...59..145L},
  Keywords                 = {Sun: corona, Sun: UV radiation, Sun: fundamental parameters, Sun: magnetic fields}
}

@Article{maccormack_2017,
  Title                    = {{Energy Input Flux in the Global Quiet-Sun Corona}},
  Author                   = {{Mac Cormack}, C. and {V{\'a}squez}, A.~M. and {L{\'o}pez Fuentes}, M. and {Nuevo}, F.~A. and {Landi}, E. and {Frazin}, R.~A.},
  Journal                  = {\apj},
  Year                     = {2017},

  Month                    = jul,
  Pages                    = {70},
  Volume                   = {843},

  Adsnote                  = {Provided by the SAO/NASA Astrophysics Data System},
  Adsurl                   = {http://adsabs.harvard.edu/abs/2017ApJ...843...70M},
  Archiveprefix            = {arXiv},
  Doi                      = {10.3847/1538-4357/aa76e9},
  Eid                      = {70},
  Eprint                   = {1706.00365},
  Keywords                 = {Sun: corona, Sun: fundamental parameters, Sun: magnetic fields, Sun: UV radiation},
  Primaryclass             = {astro-ph.SR}
}

@Article{nuevo_2013,
  Title                    = {{Evolution of the Global Temperature Structure of the Solar Corona during the Minimum between Solar Cycles 23 and 24}},
  Author                   = {{Nuevo}, Federico A. and {Huang}, Zhenguang and {Frazin}, Richard and
 {Manchester}, Ward B., iv and {Jin}, Meng and {V{\'a}squez}, Alberto M.},
  Journal                  = {\apj},
  Year                     = {2013},

  Month                    = {Aug},
  Number                   = {1},
  Pages                    = {9},
  Volume                   = {773},

  Adsnote                  = {Provided by the SAO/NASA Astrophysics Data System},
  Adsurl                   = {https://ui.adsabs.harvard.edu/abs/2013ApJ...773....9N},
  Doi                      = {10.1088/0004-637X/773/1/9},
  Eid                      = {9},
  Keywords                 = {Sun: corona, Sun: evolution, Sun: magnetic topology, Sun: UV radiation, sunspots}
}

@Article{oran_2015,
  Title                    = {{A Steady-state Picture of Solar Wind Acceleration and Charge State Composition Derived from a Global Wave-driven MHD Model}},
  Author                   = {{Oran}, R. and {Landi}, E. and {van der Holst}, B. and {Lepri}, S.~T. and
 {V{\'a}squez}, A.~M. and {Nuevo}, F.~A. and {Frazin}, R. and
 {Manchester}, W. and {Sokolov}, I. and {Gombosi}, T.~I.},
  Journal                  = {\apj},
  Year                     = {2015},

  Month                    = {Jun},
  Number                   = {1},
  Pages                    = {55},
  Volume                   = {806},

  Adsnote                  = {Provided by the SAO/NASA Astrophysics Data System},
  Adsurl                   = {https://ui.adsabs.harvard.edu/abs/2015ApJ...806...55O},
  Archiveprefix            = {arXiv},
  Doi                      = {10.1088/0004-637X/806/1/55},
  Eid                      = {55},
  Eprint                   = {1412.8288},
  Keywords                 = {magnetohydrodynamics: MHD, methods: numerical, Sun: corona, Sun: heliosphere, techniques: spectroscopic, turbulence, Astrophysics - Solar and Stellar Astrophysics},
  Primaryclass             = {astro-ph.SR}
}

@Article{sachdeva_2019,
  Title                    = {{Validation of the Alfv{\'e}n Wave Solar atmosphere Model (AWSoM) with Observations from the Low Corona to 1 AU}},
  Author                   = {{Sachdeva}, N. and {van der Holst}, B. and {Manchester}, W.~B. and
 {T{\'o}th}, G. and {Chen}, Y. and {Lloveras}, D.~G. and
 {V{\'a}squez}, A.~M. and {Lamy}, Philippe and {Wojak}, Julien and
 {Jackson}, B.~V. and {Yu}, H. -S. and {Henney}, C.~J.},
  Journal                  = {arXiv e-prints},
  Year                     = {2019},

  Month                    = {Oct},
  Pages                    = {arXiv:1910.08110},

  Adsnote                  = {Provided by the SAO/NASA Astrophysics Data System},
  Adsurl                   = {https://ui.adsabs.harvard.edu/abs/2019arXiv191008110S},
  Archiveprefix            = {arXiv},
  Eid                      = {arXiv:1910.08110},
  Eprint                   = {1910.08110},
  Keywords                 = {Astrophysics - Solar and Stellar Astrophysics, Physics - Space Physics},
  Primaryclass             = {astro-ph.SR}
}

@Article{schiff_2016,
  Title                    = {{Explaining Inverted-temperature Loops in the Quiet Solar Corona with Magnetohydrodynamic Wave-mode Conversion}},
  Author                   = {{Schiff}, Avery J. and {Cranmer}, Steven R.},
  Journal                  = {\apj},
  Year                     = {2016},

  Month                    = {Nov},
  Number                   = {1},
  Pages                    = {10},
  Volume                   = {831},

  Adsnote                  = {Provided by the SAO/NASA Astrophysics Data System},
  Adsurl                   = {https://ui.adsabs.harvard.edu/abs/2016ApJ...831...10S},
  Archiveprefix            = {arXiv},
  Doi                      = {10.3847/0004-637X/831/1/10},
  Eid                      = {10},
  Eprint                   = {1608.04398},
  Keywords                 = {conduction, magnetohydrodynamics: MHD, Astrophysics - Solar and Stellar Astrophysics},
  Primaryclass             = {astro-ph.SR}
}

@Article{shearer_2012,
  Title                    = {{The First Stray Light Corrected Extreme-ultraviolet Images of Solar Coronal Holes}},
  Author                   = {{Shearer}, Paul and {Frazin}, Richard A. and {Hero}, Alfred O., III and
 {Gilbert}, Anna C.},
  Journal                  = {\apjl},
  Year                     = {2012},

  Month                    = {Apr},
  Number                   = {1},
  Pages                    = {L8},
  Volume                   = {749},

  Adsnote                  = {Provided by the SAO/NASA Astrophysics Data System},
  Adsurl                   = {https://ui.adsabs.harvard.edu/abs/2012ApJ...749L...8S},
  Archiveprefix            = {arXiv},
  Doi                      = {10.1088/2041-8205/749/1/L8},
  Eid                      = {L8},
  Eprint                   = {1110.3052},
  Keywords                 = {methods: data analysis, Sun: corona, techniques: image processing, Astrophysics - Solar and Stellar Astrophysics, Astrophysics - Instrumentation and Methods for Astrophysics},
  Primaryclass             = {astro-ph.SR}
}

@Article{sokolov_2013,
  Title                    = {{Magnetohydrodynamic Waves and Coronal Heating: Unifying Empirical and MHD Turbulence Models}},
  Author                   = {{Sokolov}, Igor V. and {van der Holst}, Bart and {Oran}, Rona and
 {Downs}, Cooper and {Roussev}, Ilia I. and {Jin}, Meng and
 {Manchester}, Ward B., IV and {Evans}, Rebekah M. and
 {Gombosi}, Tamas I.},
  Journal                  = {\apj},
  Year                     = {2013},

  Month                    = {Feb},
  Number                   = {1},
  Pages                    = {23},
  Volume                   = {764},

  Adsnote                  = {Provided by the SAO/NASA Astrophysics Data System},
  Adsurl                   = {https://ui.adsabs.harvard.edu/abs/2013ApJ...764...23S},
  Archiveprefix            = {arXiv},
  Doi                      = {10.1088/0004-637X/764/1/23},
  Eid                      = {23},
  Eprint                   = {1208.3141},
  Keywords                 = {solar wind, Sun: corona, Sun: transition region, Sun: UV radiation, Astrophysics - Solar and Stellar Astrophysics},
  Primaryclass             = {astro-ph.SR}
}

@Book{spitzer_1962,
  Title                    = {{Physics of Fully Ionized Gases}},
  Author                   = {{Spitzer}, L.},
  Year                     = {1962},

  Adsnote                  = {Provided by the SAO/NASA Astrophysics Data System},
  Adsurl                   = {http://adsabs.harvard.edu/abs/1962pfig.book.....S},
  Booktitle                = {Physics of Fully Ionized Gases, New York: Interscience (2nd edition), 1962}
}

@Article{toth_2012,
  Title                    = {{Adaptive numerical algorithms in space weather modeling}},
  Author                   = {{T{\'o}th}, G{\'a}bor and {van der Holst}, Bart and {Sokolov}, Igor V. and
 {De Zeeuw}, Darren L. and {Gombosi}, Tamas I. and {Fang}, Fang and
 {Manchester}, Ward B. and {Meng}, Xing and {Najib}, Dalal and
 {Powell}, Kenneth G. and {Stout}, Quentin F. and {Glocer}, Alex and
 {Ma}, Ying-Juan and {Opher}, Merav},
  Journal                  = {Journal of Comp. Physics},
  Year                     = {2012},

  Month                    = {Feb},
  Number                   = {3},
  Pages                    = {870-903},
  Volume                   = {231},

  Adsnote                  = {Provided by the SAO/NASA Astrophysics Data System},
  Adsurl                   = {https://ui.adsabs.harvard.edu/abs/2012JCoPh.231..870T},
  Doi                      = {10.1016/j.jcp.2011.02.006}
}

@Article{vasquez_2016,
  Title                    = {{Seeing the solar corona in three dimensions}},
  Author                   = {{V\'asquez}, A.~M. },
  Journal                  = {Advances in Space Research},
  Year                     = {2016},

  Month                    = mar,
  Pages                    = {1286-1293},
  Volume                   = {57},

  Adsnote                  = {Provided by the SAO/NASA Astrophysics Data System},
  Doi                      = {10.1016/j.asr.2015.05.047},
  Keywords                 = {Corona, EUV, Tomography}
}

@Article{vander_2010,
  Title                    = {{A Data-driven, Two-temperature Solar Wind Model with Alfv{\'e}n Waves}},
  Author                   = {{van der Holst}, B. and {Manchester}, W.~B., IV and {Frazin}, R.~A. and
 {V{\'a}squez}, A.~M. and {T{\'o}th}, G. and {Gombosi}, T.~I.},
  Journal                  = {\apj},
  Year                     = {2010},

  Month                    = {Dec},
  Number                   = {1},
  Pages                    = {1373-1383},
  Volume                   = {725},

  Adsnote                  = {Provided by the SAO/NASA Astrophysics Data System},
  Adsurl                   = {https://ui.adsabs.harvard.edu/abs/2010ApJ...725.1373V},
  Doi                      = {10.1088/0004-637X/725/1/1373},
  Keywords                 = {interplanetary medium, magnetohydrodynamics: MHD, methods: numerical, solar wind, Sun: corona}
}

@Article{vander_2014,
  Title                    = {{Alfv{\'e}n Wave Solar Model (AWSoM): Coronal Heating}},
  Author                   = {{van der Holst}, B. and {Sokolov}, I.~V. and {Meng}, X. and {Jin}, M. and
 {Manchester}, W.~B., IV and {T{\'o}th}, G. and {Gombosi}, T.~I.},
  Journal                  = {\apj},
  Year                     = {2014},

  Month                    = {Feb},
  Number                   = {2},
  Pages                    = {81},
  Volume                   = {782},

  Adsnote                  = {Provided by the SAO/NASA Astrophysics Data System},
  Adsurl                   = {https://ui.adsabs.harvard.edu/abs/2014ApJ...782...81V},
  Archiveprefix            = {arXiv},
  Doi                      = {10.1088/0004-637X/782/2/81},
  Eid                      = {81},
  Eprint                   = {1311.4093},
  Keywords                 = {interplanetary medium, magnetohydrodynamics: MHD, methods: numerical, solar wind, Sun: corona, waves, Astrophysics - Solar and Stellar Astrophysics},
  Primaryclass             = {astro-ph.SR}
}

@InProceedings{wuelser_2004,
  Title                    = {{EUVI: the STEREO-SECCHI extreme ultraviolet imager}},
  Author                   = {{Wuelser}, J.-P. and {Lemen}, J.~R. and {Tarbell}, T.~D. and
{Wolfson}, C.~J. and {Cannon}, J.~C. and {Carpenter}, B.~A. and
{Duncan}, D.~W. and {Gradwohl}, G.~S. and {Meyer}, S.~B. and
{Moore}, A.~S. and {Navarro}, R.~L. and {Pearson}, J.~D. and
{Rossi}, G.~R. and {Springer}, L.~A. and {Howard}, R.~A. and
{Moses}, J.~D. and {Newmark}, J.~S. and {Delaboudiniere}, J.-P. and
{Artzner}, G.~E. and {Auchere}, F. and {Bougnet}, M. and {Bouyries}, P. and
{Bridou}, F. and {Clotaire}, J.-Y. and {Colas}, G. and {Delmotte}, F. and
{Jerome}, A. and {Lamare}, M. and {Mercier}, R. and {Mullot}, M. and
{Ravet}, M.-F. and {Song}, X. and {Bothmer}, V. and {Deutsch}, W.
},
  Booktitle                = {Telescopes and Instrumentation for Solar Astrophysics},
  Year                     = {2004},
  Editor                   = {{Fineschi}, S. and {Gummin}, M.~A.},
  Month                    = feb,
  Pages                    = {111-122},
  Series                   = {\procspie},
  Volume                   = {5171},

  Adsnote                  = {Provided by the SAO/NASA Astrophysics Data System},
  Adsurl                   = {http://adsabs.harvard.edu/abs/2004SPIE.5171..111W},
  Doi                      = {10.1117/12.506877}
}

